<?xml version="1.0" encoding="UTF-8"?><collection xmlns="http://www.loc.gov/MARC21/slim"><record><leader>00371nam--2200133-i-4500</leader><controlfield tag="001">000001685</controlfield><controlfield tag="002">20161230</controlfield><controlfield tag="005">20161230201024</controlfield><controlfield tag="008">060222s1000------------r-----000-0-eng-d</controlfield><datafield ind1=" " ind2=" " tag="080"><subfield code="a">015:543.544</subfield></datafield><datafield ind1=" " ind2=" " tag="100"><subfield code="a">Goedert, Michel</subfield></datafield><datafield ind1=" " ind2=" " tag="245"><subfield code="a">Etude des sources d erreurs en analyse chromatographique.these</subfield></datafield><datafield ind1=" " ind2=" " tag="260"><subfield code="a">Paris, L Universite De Paris Vi , 1972. 13 P</subfield></datafield><datafield ind1=" " ind2=" " tag="852"><subfield code="a">38158</subfield></datafield></record></collection>